% Encoding: UTF-8


% Encoding: UTF-8


@Book{MDPbook,
  title =     {Planning with Markov Decision Processes: An AI Perspective},
  publisher = {Morgan \& Claypool},
  year =      {2012},
  author =    {Kolobov, A.},
  series =    {Synthesis lectures on artificial intelligence and machine learning},
  isbn =      {9781608458868},
  url =       {https://books.google.fr/books?id=4FDyNPNuKA8C}
}
@article{hanssen_james_1960, title={Optimum Ship Routing}, volume={13}, DOI={10.1017/S0373463300033580}, number={3}, journal={Journal of Navigation}, publisher={Cambridge University Press}, author={Hanssen, George L. and James, Richard W.}, year={1960}, pages={253–272}}

@INPROCEEDINGS{potentialFields,
author={C. Pêtrès and M. A. Romero-Ramirez and F. Plumet},
booktitle={2011 15th International Conference on Advanced Robotics (ICAR)},
title={Reactive path planning for autonomous sailboat},
year={2011},
pages={112-117},
keywords={aerodynamics;boats;collision avoidance;hydrodynamics;remotely operated vehicles;renewable energy sources;telerobotics;aerodynamic force;autonomous sailboat robot;autonomous surface vehicle;boat specific dynamic simulator;hydrodynamic force;no-go zone;obstacle avoidance;on-board real-time implementation;potential field algorithm;reactive path planning;renewable energy;semipersistent presence;solar energy;thrust force;time varying wind condition;virtual obstacle;wind energy;Boats;Numerical models;Robots;Trajectory;Vehicle dynamics;Vehicles},
doi={10.1109/ICAR.2011.6088585},
month={June},}

@article{TrajOptim,
title = "Autonomous sailboat navigation for short course racing ",
journal = "Robotics and Autonomous Systems ",
volume = "56",
number = "7",
pages = "604 - 614",
year = "2008",
note = "",
issn = "0921-8890",
doi = "https://doi.org/10.1016/j.robot.2007.10.004",
url = "http://www.sciencedirect.com/science/article/pii/S0921889007001480",
author = "Roland Stelzer and Tobias Pröll",
keywords = "Autonomous sailing",
keywords = "Route optimisation",
keywords = "Sailboat navigation",
keywords = "Optimum beating",
keywords = "Leeway drift compensation "
}

@inproceedings{strategic,
  title={Strategic Decision Making in Yacht Match Racing: Stochastic Game Approach},
  author={Belouaer, Lamia and Boussard, Mathieu and Bot, Patrick},
  booktitle={The 5th High Performance Yacht Design Conference},
  pages={150--159},
  year={2015}
}
@Inbook{Elinas,
author="Ferguson, Daniel S.
and Elinas, Pantelis",
editor="Butz, Cory
and Lingras, Pawan",
title="A Markov Decision Process Model for Strategic Decision Making in Sailboat Racing",
bookTitle="Advances in Artificial Intelligence: 24th Canadian Conference on Artificial Intelligence, Canadian AI 2011, St. John's, Canada, May 25-27, 2011. Proceedings",
year="2011",
publisher="Springer Berlin Heidelberg",
address="Berlin, Heidelberg",
pages="110--121",
isbn="978-3-642-21043-3",
doi="10.1007/978-3-642-21043-3_14",
url="http://dx.doi.org/10.1007/978-3-642-21043-3_14"
}
@inproceedings{optimising,
  title={Optimising yacht routes under uncertainty},
  author={Philpott, Andy and Mason, Andrew},
  booktitle={The 15th Cheasapeake Sailing Yacht Symposium},
  year={2001}
}
@inproceedings{vpp,
  title={Pcsail, a velocity prediction program for a home computer},
  author={Martin, David and Beck, Robert F},
  booktitle={15th Chesapeake Sailing Yacht Symposium},
  volume={100},
  year={2001}
}
@article{spread,
  title={Ensemble Based Probabilistic Forecast Verification},
  author={Zhu, Yuejian and Toth, Zoltan},
  year={2008}
}
@Article{current,
  author =   {Jan Erik Weber},
  title =    {Steady Wind- and Wave-Induced Currents in the Open Ocean},
  journal =  {Journal of Physical Oceanography},
  year =     {1983},
  volume =   {13},
  number =   {3},
  pages =    {524-530},
 
  doi =      {10.1175/1520-0485(1983)013<0524:SWAWIC>2.0.CO;2},
  eprint =   { http://dx.doi.org/10.1175/1520-0485(1983)013<0524:SWAWIC>2.0.CO;2 },
  url =      { 
        http://dx.doi.org/10.1175/1520-0485(1983)013<0524:SWAWIC>2.0.CO;2
    
}
}
@article{MCTSsurvey,
  title={A survey of monte carlo tree search methods},
  author={Browne, Cameron B and Powley, Edward and Whitehouse, Daniel and Lucas, Simon M and Cowling, Peter I and Rohlfshagen, Philipp and Tavener, Stephen and Perez, Diego and Samothrakis, Spyridon and Colton, Simon},
  journal={IEEE Transactions on Computational Intelligence and AI in games},
  volume={4},
  number={1},
  pages={1--43},
  year={2012},
  publisher={IEEE}
}
@Inbook{Progressive,
author="Cou{\"e}toux, Adrien
and Hoock, Jean-Baptiste
and Sokolovska, Nataliya
and Teytaud, Olivier
and Bonnard, Nicolas",
editor="Coello, Carlos A. Coello",
title="Continuous Upper Confidence Trees",
bookTitle="Learning and Intelligent Optimization: 5th International Conference, LION 5, Rome, Italy, January 17-21, 2011. Selected Papers",
year="2011",
publisher="Springer Berlin Heidelberg",
address="Berlin, Heidelberg",
pages="433--445",
isbn="978-3-642-25566-3",
doi="10.1007/978-3-642-25566-3_32",
url="http://dx.doi.org/10.1007/978-3-642-25566-3_32"
}

@article{Go,
  title={Mastering the game of Go with deep neural networks and tree search},
  author={Silver, David and Huang, Aja and Maddison, Chris J and Guez, Arthur and Sifre, Laurent and Van Den Driessche, George and Schrittwieser, Julian and Antonoglou, Ioannis and Panneershelvam, Veda and Lanctot, Marc and others},
  journal={Nature},
  volume={529},
  number={7587},
  pages={484--489},
  year={2016},
  publisher={Nature Publishing Group}
}

@inproceedings{offLine1,
 author = {Gelly, Sylvain and Silver, David},
 title = {Combining Online and Offline Knowledge in UCT},
 booktitle = {Proceedings of the 24th International Conference on Machine Learning},
 series = {ICML '07},
 year = {2007},
 isbn = {978-1-59593-793-3},
 location = {Corvalis, Oregon, USA},
 pages = {273--280},
 numpages = {8},
 url = {http://doi.acm.org/10.1145/1273496.1273531},
 doi = {10.1145/1273496.1273531},
 acmid = {1273531},
 publisher = {ACM},
 address = {New York, NY, USA},
}

@article{offLine2,
author = {Chaslot, Guillaume M. J-B. and Winands, Mark H. M. and Herik, H. Japp Van Dan and Uiterkijk, Jos W. H. M. and Bouzy, Bruno},
title = {Progressive strategies for Monte-Carlo Tree Search},
journal = {New Mathematics and Natural Computation},
volume = {04},
number = {03},
pages = {343-357},
year = {2008},
doi = {10.1142/S1793005708001094},

URL = {http://www.worldscientific.com/doi/abs/10.1142/S1793005708001094},
eprint = {http://www.worldscientific.com/doi/pdf/10.1142/S1793005708001094}
}

@incollection{OnLine1,
title = {Monte-Carlo Planning in Large POMDPs},
author = {Silver, David and Veness, Joel},
booktitle = {Advances in Neural Information Processing Systems 23},
editor = {J. D. Lafferty and C. K. I. Williams and J. Shawe-Taylor and R. S. Zemel and A. Culotta},
pages = {2164--2172},
year = {2010},
publisher = {Curran Associates, Inc.},
url = {http://papers.nips.cc/paper/4031-monte-carlo-planning-in-large-pomdps.pdf}
}

@inproceedings{MCTSsailing1,
  title={MCTS Based on Simple Regret.},
  author={Tolpin, David and Shimony, Solomon Eyal},
  booktitle={AAAI},
  year={2012}
}

@inproceedings{MCTSsailing2,
  title={Bayesian mixture modelling and inference based Thompson sampling in Monte-Carlo tree search},
  author={Bai, Aijun and Wu, Feng and Chen, Xiaoping},
  booktitle={Advances in Neural Information Processing Systems},
  pages={1646--1654},
  year={2013}
}

@inproceedings{MCTSsailing3,
  title={A Novel Abstraction Framework for Online Planning},
  author={Anand, Ankit and Grover, Aditya and Singla, Parag and others},
  booktitle={Proceedings of the 2015 International Conference on Autonomous Agents and Multiagent Systems},
  pages={1901--1902},
  year={2015},
  organization={International Foundation for Autonomous Agents and Multiagent Systems}
}

@article{puterman,
  title={Markov Decision Processes},
  author={Puterman, ML},
  journal={Jhon Wiley \& Sons, New Jersey},
  year={1994}
}

@INPROCEEDINGS{IBOAT, 
author={Y. Briere}, 
booktitle={MELECON 2008 - The 14th IEEE Mediterranean Electrotechnical Conference}, 
title={IBOAT: An autonomous robot for long-term offshore operation}, 
year={2008}, 
pages={323-329}, 
keywords={marine systems;mobile robots;IBOAT;actuators;aerodynamic force;autonomous sailing robot;control system-and-communication;control-and-navigation system;long term offshore operation;maneuver control;sailing boat modeling;state machine controller;traditional drifting buoys;Actuators;Boats;Communication system control;Control systems;Navigation;Prototypes;Robot sensing systems;Robust control;Sensor phenomena and characterization;Sensor systems}, 
doi={10.1109/MELCON.2008.4618455}, 
ISSN={2158-8473}, 
month={May}
}

@inproceedings{kocsis2006bandit,
  title={Bandit based monte-carlo planning},
  author={Kocsis, Levente and Szepesv{\'a}ri, Csaba},
  booktitle={ECML},
  volume={6},
  pages={282--293},
  year={2006},
  organization={Springer}
}

@inproceedings{boatMCTS,
author = {Péret, Laurent and Garcia, F},
year = {2004},
month = {01},
pages = {530-534},
title = {On-Line Search for Solving Markov Decision Processes via Heuristic Sampling.}
}
